<record><leader>00000cas a2200000 a 4500</leader><controlfield tag="001">42994813</controlfield><controlfield tag="008">991213c19899999nyuwr ne      0    0eng c</controlfield><datafield ind1=" " ind2=" " tag="010"><subfield code="a">sn 99067425 </subfield></datafield><datafield ind1=" " ind2=" " tag="040"><subfield code="a">NYS</subfield><subfield code="b">eng</subfield><subfield code="c">NYS</subfield><subfield code="d">OCLCQ</subfield><subfield code="d">OCLCF</subfield><subfield code="d">OCLCO</subfield></datafield><datafield ind1=" " ind2=" " tag="019"><subfield code="a">226086884</subfield></datafield><datafield ind1="1" ind2=" " tag="029"><subfield code="a">AU@</subfield><subfield code="b">000021267683</subfield></datafield><datafield ind1=" " ind2=" " tag="032"><subfield code="a">465940</subfield><subfield code="b">USPS</subfield></datafield><datafield ind1=" " ind2=" " tag="037"><subfield code="b">66-58 Fresh Pond Road, Ridgewood, NY 11385</subfield></datafield><datafield ind1=" " ind2=" " tag="042"><subfield code="a">pcc</subfield></datafield><datafield ind1=" " ind2=" " tag="043"><subfield code="a">n-us-ny</subfield></datafield><datafield ind1="0" ind2="0" tag="245"><subfield code="a">Times newsweekly.</subfield></datafield><datafield ind1="3" ind2="0" tag="246"><subfield code="a">Times news weekly</subfield></datafield><datafield ind1="1" ind2="3" tag="246"><subfield code="a">Ridgewood times</subfield></datafield><datafield ind1=" " ind2=" " tag="260"><subfield code="a">Ridgewood, N.Y. :</subfield><subfield code="b">Ridgewood Times Print. &amp; Pub. Co.</subfield></datafield><datafield ind1=" " ind2=" " tag="300"><subfield code="a">v. :</subfield><subfield code="b">ill. ;</subfield><subfield code="c">43 cm.</subfield></datafield><datafield ind1=" " ind2=" " tag="310"><subfield code="a">Weekly (Thursday)</subfield></datafield><datafield ind1="0" ind2=" " tag="362"><subfield code="a">82nd year, no. 6 (Sept. 7, 1989)-</subfield></datafield><datafield ind1=" " ind2=" " tag="500"><subfield code="a">"Queens County largest classified."</subfield></datafield><datafield ind1=" " ind2=" " tag="500"><subfield code="a">"Serving all Queens County."</subfield></datafield><datafield ind1=" " ind2=" " tag="500"><subfield code="a">"Reaching the homes of Ridgewood (Queens &amp; Brooklyn), Glendale, Liberty Park, Maspeth, Middle Village, Sunnyside, Astoria, Ozone Park, South Ozone Park, Howard Beach, Wyckoff Heights, Cypress Hills, Richmond Hill, RegoPark, Forest Hills, Woodhaven, Woodside, Elmhurst, Kew Gardens, &amp; other Queens communities."</subfield></datafield><datafield ind1=" " ind2=" " tag="588"><subfield code="a">Description based on: 83rd year, no. 25 (Jan. 17, 1991).</subfield></datafield><datafield ind1=" " ind2=" " tag="588"><subfield code="a">Latest issue consulted: 94th year, no. 23 (Jan. 10, 2002).</subfield></datafield><datafield ind1=" " ind2="0" tag="651"><subfield code="a">Ridgewood (New York, N.Y.)</subfield><subfield code="v">Newspapers.</subfield></datafield><datafield ind1=" " ind2="0" tag="651"><subfield code="a">Queens County (N.Y.)</subfield><subfield code="v">Newspapers.</subfield></datafield><datafield ind1=" " ind2="0" tag="651"><subfield code="a">New York (N.Y.)</subfield><subfield code="v">Newspapers.</subfield></datafield><datafield ind1=" " ind2="7" tag="655"><subfield code="a">Newspapers.</subfield><subfield code="2">fast</subfield><subfield code="0">(OCoLC)fst01423814</subfield></datafield><datafield ind1=" " ind2="7" tag="651"><subfield code="a">New York (State)</subfield><subfield code="z">New York.</subfield><subfield code="2">fast</subfield><subfield code="0">(OCoLC)fst01204333</subfield></datafield><datafield ind1=" " ind2="7" tag="651"><subfield code="a">New York (State)</subfield><subfield code="z">New York</subfield><subfield code="z">Ridgewood.</subfield><subfield code="2">fast</subfield><subfield code="0">(OCoLC)fst01323452</subfield></datafield><datafield ind1=" " ind2="7" tag="651"><subfield code="a">New York (State)</subfield><subfield code="z">Queens County.</subfield><subfield code="2">fast</subfield><subfield code="0">(OCoLC)fst01246810</subfield></datafield><datafield ind1=" " ind2=" " tag="752"><subfield code="a">United States</subfield><subfield code="b">New York</subfield><subfield code="c">Queens</subfield><subfield code="d">Ridgewood (New York, N.Y.)</subfield></datafield><datafield ind1=" " ind2=" " tag="752"><subfield code="a">United States</subfield><subfield code="b">New York</subfield><subfield code="d">New York.</subfield></datafield><datafield ind1="0" ind2="0" tag="780"><subfield code="t">Ridgewood times</subfield><subfield code="w">(DLC)sn 84031919</subfield><subfield code="w">(OCoLC)11386548</subfield></datafield><datafield ind1="4" ind2="1" tag="856"><subfield code="u">http://www.timesnewsweekly.com</subfield></datafield><datafield ind1="4" ind2="1" tag="856"><subfield code="u">http://www.ridgewoodtimes.com</subfield></datafield></record>